@book{struct,
  title = "Structured Analysis and System Specification.",
  author = "Tom DeMarco",
  year = "1978",
  ibsn = "978-0-917072-07-9",
  publisher = "Yourdon"
}

@article{overchoice,
  title = "Choice overload: A conceptual review and
    meta-analysis",
  author = "Alexander Chernev and Ulf BÃ¶ckenholt and Joseph Goodman",
  year = "2015",
  journaltitle = "Journal of Consumer Psychology",
  issn = "1057-7408",
  url = "https://myscp.onlinelibrary.wiley.com/doi/10.1016/j.jcps.2014.08.002",
  volume = "25",
  issue = "2"
}

@software{zoom,
  title = "Zoom",
  version = "6.1.1",
  url = "https://zoom.us/"
}

@software{skype,
  title = "Skype",
  version = "8.119.0.201",
  url = "https://www.skype.com/en/"
}

@software{Bitwarden,
  title = "Bitwarden",
  version = "2024.6.3",
  url = "https://bitwarden.com/"
}

@manual{vp9,
  title = "RTP Payload Format for VP9",
  url = "https://datatracker.ietf.org/doc/draft-ietf-payload-vp9/",
  year = "2021",
  publisher = "IETF"
}

@article{social,
  title = "Vigorous Physical Activity, Mental Health,
  Perceived Stress, and Socializing Among College Students",
  year = "2013",
  author = "Nicole VanKim and Toben Nelson",
  journal = "American Journal of Health Promotion"
}

@techreport{data,
  title = "UK home broadband performance",
  year = "2023",
  institution = "Ofcom",
  url = "https://www.ofcom.org.uk/phones-and-broadband/coverage-and-speeds/home-broadband-performance-march-2023/"
}

@article{chicago,
  title = "How Much Internet Does Video Conferencing Need?",
  publisher = "University of Chicago",
  url = "https://internetequity.cs.uchicago.edu/data-story/how-much-internet-does-video-conferencing-need/",
  journaltitle = "Internet Equity Initiative",
  year = "2020"
}

@article{photo,
  title = "Britannica - Photogram",
  publisher = "Britannica",
  url = "https://www.britannica.com/technology/photogram-photographic-print",
  journaltitle = "Encyclopaedia Britannica",
  year = "2008",
  author = "The Editors of Encyclopaedia"
}

@article{pass,
  title = "zxcvbn: Low-Budget Password Strength Estimation",
  author = "Daniel Lowe Wheeler",
  journaltitle = "25th USENIX Security Symposium",
  year = "2016",
  url = "https://www.usenix.org/system/files/conference/usenixsecurity16/sec16_paper_wheeler.pdf"
}

@legislation{gdpr,
  title = "Regulation 2016/679 General Data Protection Regulation",
  journaltitle = "Official Journal of the European Union
                 Legislation series",
  year = "2016",
  pages = "1-88",
  url = "https://gdpr-info.eu/"
}

@article{mirai,
  title = "Understanding the Mirai Botnet",
  journaltitle = "26th USENIX Security Symposium",
  author = "Zane Ma and others",
  year = "2017",
  url = "https://www.usenix.org/system/files/conference/usenixsecurity17/sec17-antonakakis.pdf"
}

@book{thm,
  author = "William Feller",
  title = "An Introduction to Probability Theory and Its Applications",
  publisher = "Wiley",
  year = "1968",
  volume = "1",
  edition = "3"
}

@article{blind,
  author = "Corinna M. Bauer and others",
  year = "2017",
  title = "Multimodal MR-imaging reveals large-scale structural and functional connectivity changes in profound early blindness",
  journal = "PLOS ONE",
  url = "https://journals.plos.org/plosone/article?id=10.1371/journal.pone.0173064"
}

@book{hear,
  title = "Neuroscience.",
  year = "2001",
  author = "Purves D, Augustine GJ, Fitzpatrick D and others",
  url = "https://www.ncbi.nlm.nih.gov/books/NBK10924/"
}

@book{power,
  title = "The 48 Laws of Power",
  year = "1998",
  author = "Robert Greene"
}

@book{lev,
  title = "Leviathan or The Matter, Forme and Power of a Commonwealth Ecclesiasticall and Civil",
  year = "1651",
  author = "Thomas Hobbes"
}
