@book{struct,
  title = "Structured Analysis and System Specification.",
  author = "Tom DeMarco",
  year = "1978",
  ibsn = "978-0-917072-07-9",
  publisher = "Yourdon"
}
